<record><leader>00000cas a22000007a 4500</leader><controlfield tag="001">36306515</controlfield><controlfield tag="008">970131d19071928sduwr ne      0    0eng d</controlfield><datafield ind1=" " ind2=" " tag="010"><subfield code="a">sn 97065718 </subfield></datafield><datafield ind1=" " ind2=" " tag="040"><subfield code="a">SXN</subfield><subfield code="b">eng</subfield><subfield code="c">SXN</subfield><subfield code="d">OCLCQ</subfield><subfield code="d">OCLCO</subfield></datafield><datafield ind1="1" ind2=" " tag="029"><subfield code="a">AU@</subfield><subfield code="b">000013092853</subfield></datafield><datafield ind1=" " ind2=" " tag="042"><subfield code="a">msc</subfield></datafield><datafield ind1=" " ind2=" " tag="043"><subfield code="a">n-us-sd</subfield></datafield><datafield ind1="0" ind2=" " tag="130"><subfield code="a">Valley irrigator (Vale, S.D. : 1907)</subfield></datafield><datafield ind1="1" ind2="4" tag="245"><subfield code="a">The valley irrigator.</subfield></datafield><datafield ind1=" " ind2=" " tag="260"><subfield code="a">Vale, Butte County, S.D. :</subfield><subfield code="b">Valley Pub. Co.</subfield></datafield><datafield ind1=" " ind2=" " tag="300"><subfield code="a">v.</subfield></datafield><datafield ind1=" " ind2=" " tag="310"><subfield code="a">Weekly</subfield></datafield><datafield ind1="1" ind2=" " tag="362"><subfield code="a">Began in 1907.</subfield></datafield><datafield ind1="0" ind2=" " tag="362"><subfield code="a">-v. 20, no. 46 (Feb. 23, 1928).</subfield></datafield><datafield ind1=" " ind2=" " tag="515"><subfield code="a">Volume numbering irregular.</subfield></datafield><datafield ind1=" " ind2=" " tag="530"><subfield code="a">Available on microfilm from: State Archives, South Dakota State Historical Society.</subfield></datafield><datafield ind1=" " ind2=" " tag="580"><subfield code="a">Published in: Vale, 1907-Apr. 14, 1910; and in: Newell, Apr. 24, 1910-1928.</subfield></datafield><datafield ind1=" " ind2=" " tag="588"><subfield code="a">Description based on: Vol. 1, no. 2 (Oct. 9, 1907).</subfield></datafield><datafield ind1=" " ind2="0" tag="651"><subfield code="a">Vale (S.D.)</subfield><subfield code="v">Newspapers.</subfield></datafield><datafield ind1=" " ind2="0" tag="651"><subfield code="a">Newell (S.D.)</subfield><subfield code="v">Newspapers.</subfield></datafield><datafield ind1=" " ind2="0" tag="651"><subfield code="a">Butte County (S.D.)</subfield><subfield code="v">Newspapers.</subfield></datafield><datafield ind1=" " ind2=" " tag="752"><subfield code="a">United States</subfield><subfield code="b">South Dakota</subfield><subfield code="c">Butte</subfield><subfield code="d">Newell.</subfield></datafield><datafield ind1=" " ind2=" " tag="752"><subfield code="a">United States</subfield><subfield code="b">South Dakota</subfield><subfield code="c">Butte</subfield><subfield code="d">Vale.</subfield></datafield><datafield ind1="1" ind2="7" tag="785"><subfield code="t">Castle Rock press and Moreau news</subfield><subfield code="w">(DLC)sn 97065716</subfield></datafield><datafield ind1="1" ind2="7" tag="785"><subfield code="t">Valley irrigator and Castle Rock press</subfield><subfield code="w">(DLC)sn 97065717</subfield></datafield></record>